<?xml version="1.0" encoding="UTF-8"?><collection xmlns="http://www.loc.gov/MARC21/slim"><record><leader>00631nam--2200181-i-4500</leader><controlfield tag="001">000011833</controlfield><controlfield tag="002">20161230</controlfield><controlfield tag="005">20161230201029</controlfield><controlfield tag="008">060222s1000------------r-----000-0-eng-d</controlfield><datafield ind1=" " ind2=" " tag="040"><subfield code="a">IFIN-HH</subfield></datafield><datafield ind1=" " ind2=" " tag="080"><subfield code="a">539.12.04. 669</subfield></datafield><datafield ind1="1" ind2=" " tag="100"><subfield code="a">Corbett, James W</subfield></datafield><datafield ind1="1" ind2="0" tag="245"><subfield code="a">Radiation induced voids in metals</subfield><subfield code="b">Proceedings of the 1971 international conference held at albany, new york, june 9-11, 1971</subfield><subfield code="c">James w. corbett, louis c. ianniello (eds.)</subfield></datafield><datafield ind1=" " ind2=" " tag="260"><subfield code="a">Springfield, Illinois</subfield><subfield code="b">U.S. Atomic Energy Commission</subfield><subfield code="c">1972</subfield></datafield><datafield ind1=" " ind2=" " tag="300"><subfield code="a">884 P</subfield></datafield><datafield ind1="1" ind2=" " tag="700"><subfield code="a">Ianniello, Louis C</subfield><subfield code="e">Ed</subfield></datafield><datafield ind1=" " ind2=" " tag="852"><subfield code="a">19209</subfield><subfield code="c">539.12.04</subfield></datafield><datafield ind1=" " ind2=" " tag="CAT"><subfield code="a">Sys</subfield><subfield code="c">20120203</subfield><subfield code="h">144023</subfield></datafield></record></collection>